@BOOK{Pravidla,
 author = "Zdeněk Hlavsa and others",
 title = "{Pravidla českého pravopisu}",
 publisher = "Academia",
 year = "2005",
 isbn = "80-200-1327-X",
}

@BOOK{Knuth,
 author = "Donald E. Knuth",
 title = "{The {\TeX}book}",
 publisher = "Addison-Wesley Publishing Company",
 year = "1996",
 isbn = "0-201-13447-0",
}

@BOOK{Rybicka,
 author = "Jiří Rybička",
 title = "{{\LaTeX} pro začátečníky}",
 publisher = "Konvoj",
 year = "1999",
 isbn = "ISBN~80-85615-77-0",
}

@BOOK{Olsak,
 author = "Petr Olšák",
 title = "{{\TeX}book naruby}",
 publisher = "Konvoj",
 year = "2001",
 isbn = "I80-7302-0007-6",
}

@BOOK{Eikh,
 author = "Victor Eikhout",
 title = "{{\TeX}by Topics, a {\TeX}nitian's Reference }",
 publisher = "Addison-Wesley UK",
 year = "2001",
 isbn = "0-201-56882-9",
}

@MISC{cstugWeb,
 author = "Petr Sojka and others",
 title = "{Československé sdružení uživatelů {\TeX}u}",
 url = "http://www.cstug.cz",
 note = "[Online; navštíveno 12.05.2016]"
}

@MISC{fitWeb,
 author = "Zdena Rábová and Petr Hanáček and Petr Peringer and Petr Přikryl and Bohuslav Křena",
 title = "{Užitečné rady pro psaní odborného textu}",
 howpublished = "FIT VUT v Brně",
 year = "2008",
 month = Nov,
 url = "http://www.fit.vutbr.cz/info/statnice/psani_textu.html",
 note = "[Online; navštíveno 12.05.2015]"
}

@MISC{citace,
 author = "Zdena Rábová and Petr Hanáček and Petr Peringer and Petr Přikryl and Bohuslav Křena",
 title = "{Pravidla pro bibliografické citace}",
 howpublished = "FIT VUT v Brně",
 year = "2014",
 month = Mar,
 url = "http://www.fit.vutbr.cz/info/szz/bib_citace.html",
 note = "[Online; navštíveno 12.07.2016]"
}

@MISC{biblio,
 author = "Olga Biernátová and Jan Skůpa",
 title = "{Bibliografické odkazy a citace dokumentů}",
 url = "http://www.citace.com/download/CSN-ISO-690.pdf",
 month = Sep,
 year = "2011",
 note = "[Online; navštíveno 14.07.2017]"
}

@MISC{formalniBP,
 author = "Zdena Rábová and Petr Přikryl and Petr Peringer and Petr Lampa and Bohuslav Křena",
 title = "{Závazné pokyny pro vypracování a odevzdání bakalářské práce}",
 url = "http://www.fit.vutbr.cz/info/szz/pokyny_bp.php",
 note = "[Online; navštíveno 30.06.2016]"
}

@MISC{formalniDP,
 author = "Zdena Rábová and Petr Přikryl and Petr Peringer and Petr Lampa and Bohuslav Křena",
 title = "{Závazné pokyny pro vypracování a odevzdání diplomové práce}",
 url = "http://www.fit.vutbr.cz/info/szz/pokyny_dp.php",
 note = "[Online; navštíveno 30.06.2016]"
}

@MISC{smernice,
 author = "Miroslav Doupovec and Kamil Gregorek",
 title = "{Směrnice rektora č. 2/2009 -- Úprava, odevzdávání, zveřejňování a uchovávání vysokoškolských kvalifikačních prací}",
 url = "https://www.vutbr.cz/uredni-deska/vnitrni-predpisy-a-dokumenty/smernice-rektora-f34920/smernice-rektora-c-2-2009-uprava-odevzdavani-zverejnovani-a-uchovavani-vysokoskolskych-kvalifikacnich-praci-d39448/",
 note = "[Online; navštíveno 30.06.2016]"
}

@MISC{prirucka,
 key = "Cerna",
 author = "Anna Černá and Jan Chromý and Hana Konečná and others",
 title = "{Internetová jazyková příručka -- Ústav pro jazyk český Akademie věd ČR, v. v. i.}",
 howpublished = "Centrum zpracování přirozeného jazyka FI MU",
 url = "http://prirucka.ujc.cas.cz/",
 note = "[Online; navštíveno 15.07.2016]"
}

@MISC{Herout,
 author = "Adam Herout",
 title = "{herout.net -- Poznámky učitele, kouče, čtenáře.}",
 url = "http://www.herout.net/",
 note = "[Online; navštíveno 15.07.2016]"
}

@MISC{chyby,
 author = "Igor Szöke",
 title = "{Textová část BP/DP - Lessons learned}",
 url = "http://blog.igor.szoke.cz/2012/01/textova-cast-bpdp-lessons-learned-1.html",
 note = "[Online; navštíveno 15.07.2016]"
}

@MISC{rady,
 author = "Igor Szöke",
 title = "{Píšete diplomku? 15+1 rad, které vám pomohou.}",
 url = "http://blog.igor.szoke.cz/2011/12/pisete-diplomku-151-rad-ktere-vam.html",
 note = "[Online; navštíveno 15.07.2016]"
}

@MISC{Beran,
 author = "Vítězslav Beran",
 title = "{Beran-BP DP Projekty}",
 url = "http://merlin.fit.vutbr.cz/wiki/index.php/Beran-BP_DP_Projekty",
 note = "[Online; navštíveno 15.07.2016]"
}

@MISC{BeranPDF,
 author = "Vítězslav Beran",
 title = "{Jak psát technickou zprávu}",
 url = "http://www.fit.vutbr.cz/~beranv/podpora/Jak%20psat%20technickou%20zpravu.pdf",
 note = "[Online; navštíveno 15.07.2016]"
}

@MISC{Cernocky,
 key = "Cernocky",
 author = "Jan Černocký",
 title = "{Cernocky BP DP-obecne}",
 url = "http://merlin.fit.vutbr.cz/wiki/index.php/Cernocky_BP_DP-obecne",
 note = "[Online; navštíveno 25.07.2016]"
}

@MISC{CernockyEnglish,
 key = "Cernocky",
 author = "Jan Černocký",
 title = "{English SOS}",
 url = "https://merlin.fit.vutbr.cz/wiki/index.php/English_SOS",
 note = "[Online; navštíveno 25.07.2016]"
}

@MISC{Zemcik,
 author = "Pavel Zemčík",
 title = "{Všeobecné pokyny pro studenty a vůbec}",
 url = "http://www.fit.vutbr.cz/~zemcik/Pokyny.pdf",
 note = "[Online; navštíveno 25.07.2016]"
}

@BOOK{Lebrun2011,
 author = {Jean-Luc Lebrun},
 title = {Scientific Writing 2.0: a reader and writer's guide},
 publisher = {World Scientific Publishing},
 year = {2011},
 note = {ISBN: 9814350605},
 owner = {herout},
 timestamp = {2015.01.20}
}

@Misc{ghcjs,
  author =    {Luite Stegeman},
  title =     {ghcjs/ghcjs: Haskell to JavaScript compiler, based on GHC},
  url = {https://github.com/ghcjs/ghcjs}}

@Misc{obsidian,
  author =    {Obsidian Systems},
  title =     {Obsidian Systems | Cutting edge software solutions},
  url = {https://obsidian.systems/}}

@Misc{tweag,
  author =    {Tweag},
  title =     {Tweag I/O - software innovation lab},
  url = {https://tweag.io/}}

@Misc{qfpl,
  author =    {Queensland FP Lab},
  title =     {Queensland FP Lab - Home},
  url = {https://qfpl.io/}}

@Misc{mdn_svcwrk,
  author =    {Mozilla},
  title =     {Using Service Workers - Web APIs | MDN},
  url = {https://developer.mozilla.org/en-US/docs/Web/API/Service_Worker_API/Using_Service_Workers}}

@Misc{what_web_can_do,
  author =    {Adam Bar},
  title =     {What Web Can Do Today},
  url = {https://whatwebcando.today/}}

@Misc{pwa_checklist,
  author =    {Google},
  title =     {Progressive Web App Checklist | Web},
  url = {https://developers.google.com/web/progressive-web-apps/checklist}}

@Misc{twitter,
  author =    {Twitter},
  title =     {Twitter},
  url = {https://mobile.twitter.com/home}}

@Misc{uber,
  author =    {Uber},
  title =     {Uber},
  url = {https://m.uber.com/looking}}

@Misc{flipkart,
  author =    {Flipkart},
  title =     {Flipkart},
  url = {https://www.flipkart.com/}}

@inproceedings{haskell_history,
 author = {Hudak, Paul and Hughes, John and Peyton Jones, Simon and Wadler, Philip},
 title = {A History of Haskell: Being Lazy with Class},
 booktitle = {Proceedings of the Third ACM SIGPLAN Conference on History of Programming Languages},
 series = {HOPL III},
 year = 2007,
 isbn = {978-1-59593-766-7},
 location = {San Diego, California},
 pages = {12-1--12-55},
 url = {http://doi.acm.org/10.1145/1238844.1238856},
 doi = {10.1145/1238844.1238856},
 acmid = 1238856,
 publisher = {ACM},
 address = {New York, NY, USA},
}

@article{eisenberg2016dependent,
  title={Dependent types in haskell: Theory and practice},
  author={Eisenberg, Richard A},
  journal={arXiv preprint arXiv:1610.07978},
  year={2016}
}

@article{bernardy2017linear,
  title={Linear Haskell: practical linearity in a higher-order polymorphic language},
  author={Bernardy, Jean-Philippe and Boespflug, Mathieu and Newton, Ryan R and Jones, Simon Peyton and Spiwack, Arnaud},
  journal={arXiv preprint arXiv:1710.09756},
  year={2017}
}

@book{jones2003haskell,
  title={Haskell 98 language and libraries: the revised report},
  author={Jones, Simon Peyton},
  year={2003},
  publisher={Cambridge University Press}
}

@Misc{webghc,
  author =    {Will Fancher},
  title =     {WebGHC},
  url = {https://webghc.github.io/blog}}

@Misc{asterius,
  author =    {Tweag},
  title =     {tweag/asterius: A Haskell to WebAssembly compiler},
  url = {https://github.com/tweag/asterius}}

@Misc{coffeescript,
  author =    {Jeremy Ashkenas},
  title =     {CoffeeScript hits 1.0 -- Happy Holidays, HN | Hacker News},
  url = {https://news.ycombinator.com/item?id=2037801}}

@Misc{babel,
  author =    {Sebastian McKenzie},
  title =     {5.0.0 Released · Babel},
  url = {https://babeljs.io/blog/2015/03/31/5.0.0}}

@Misc{typescript,
  author =    {Microsoft},
  title =     {TypeScript - JavaScript that scales.},
  url = {https://www.typescriptlang.org/}}

@article{czaplicki2012elm,
  title={Elm: Concurrent FRP for Functional GUIs},
  author={Czaplicki, Evan},
  year={2012}
}

@Misc{meteor,
  author =    {{Meteor Development Group}},
  title =     {Meteor},
  url = {https://www.meteor.com/}}

@book{dolstra2006purely,
  title={The purely functional software deployment model},
  author={Dolstra, Eelco},
  year=2006,
  publisher={Utrecht University}
}

@inproceedings{dolstra2008nixos,
  title={NixOS: A purely functional Linux distribution},
  author={Dolstra, Eelco and L{\"o}h, Andres},
  booktitle={ACM Sigplan Notices},
  volume=43,
  number=9,
  pages={367--378},
  year=2008,
  organization={ACM}
}

@book{loder2018web,
  title={Web Applications with Elm: Functional Programming for the Web},
  author={Loder, W.},
  isbn={9781484226100},
  url={https://books.google.cz/books?id=KnhqDwAAQBAJ},
  year={2018},
  publisher={Apress}
}

@Misc{reflex,
  author =    {{Obsidian Systems}},
  title =     {reflex-frp/reflex},
  url = {https://github.com/reflex-frp/reflex/}}

@Misc{reflex-dom,
  author =    {{Obsidian Systems}},
  title =     {reflex-frp/reflex-dom},
  url = {https://github.com/reflex-frp/reflex-dom/}}

@Misc{reflex-platform,
  author =    {{Obsidian Systems}},
  title =     {reflex-frp/reflex-platform},
  url = {https://github.com/reflex-frp/reflex-platform/}}

@Misc{miso,
  author =    {David Johnson},
  title =     {dmjio/miso: A tasty Haskell front-end framework},
  url = {https://github.com/dmjio/miso/}}

@Misc{concur,
  author =    {Anupam Jain},
  title =     {ajnsit/concur: An unusual Web UI Framework for Haskell},
  url = {https://github.com/ajnsit/concur/}}

@Misc{cabal,
  author =    {{Cabal Team}},
  title =     {The Haskell Cabal},
  url = {https://www.haskell.org/cabal/}}

@Misc{stack,
  author =    {{Commercial Haskell}},
  title =     {The Haskell Tool Stack},
  url = {https://docs.haskellstack.org/}}

@Misc{snack,
  author =    {Nicolas Mattia},
  title =     {nmattia/snack: Nix-based incremental build tool for Haskell projects},
  url = {https://github.com/nmattia/snack/}}

@Misc{mafia,
  author =    {{The Haskell Mafia}},
  title =     {haskell-mafia/mafia: Provides protection against cabal swindling, robbing, injuring or sabotaging people with chopsticks},
  url = {https://github.com/haskell-mafia/mafia/}}

@article{roberts1996evolving,
  title={Evolving frameworks: A pattern language for developing object-oriented frameworks},
  author={Roberts, Don and Johnson, Ralph and others},
  journal={Pattern languages of program design},
  volume=3,
  pages={471--486},
  year=1996
}

@Misc{todomvc,
  author =    {TasteJS},
  title =     {TodoMVC},
  url = {http://todomvc.com/}}

@Misc{angular,
  author =    {Google},
  title =     {Angular},
  url = {https://angular.io/}}

@Misc{react,
  author =    {Facebook},
  title =     {ReactJS},
  url = {https://reactjs.org/}}

@Misc{vuejs,
  author =    {Evan You},
  title =     {Vue.js},
  url = {https://vuejs.org/}}

@Misc{lsp,
  author =    {Microsoft},
  title =     {Language Server Protocol Specification},
  url = {https://microsoft.github.io/language-server-protocol/specification}}

@Misc{jamstack,
  author =    {{The JAMstack team}},
  title =     {JAMstack - JavaScript, APIs, and Markup},
  url = {https://jamstack.org/}}

@Misc{nanda_bench,
  author =    {Saurabh Nanda},
  title =     {Benchmarks: GHCJS (Reflex, Miso) and Purescript (Pux, Thermite, Halogen)},
  url = {https://medium.com/@saurabhnanda/benchmarks-fp-languages-libraries-for-front-end-development-a11af0542f7e}}

@article{claessen2011quickcheck,
  title={QuickCheck: a lightweight tool for random testing of Haskell programs},
  author={Claessen, Koen and Hughes, John},
  journal={Acm sigplan notices},
  volume=46,
  number=4,
  pages={53--64},
  year=2011,
  publisher={ACM}
}

@Misc{hnpwa,
  author =    {TasteJS},
  title =     {HNPWA},
  url = {https://hnpwa.com/}}

@Misc{realworld,
  author =    {Thinkster},
  title =     {gothinkster/realworld: "The mother of all demo apps"},
  url = {https://github.com/gothinkster/realworld}}

@Misc{ghcjs-luite,
  author =    {Luite Stegeman},
  title =     {GHCJS introduction - Concurrent Haskell in the browser},
  url = {http://weblog.luite.com/wordpress/?p=14}}

@article{Nanz_2015,
   title={A Comparative Study of Programming Languages in Rosetta Code},
   ISBN=9781479919345,
   url={http://dx.doi.org/10.1109/ICSE.2015.90},
   DOI={10.1109/icse.2015.90},
   journal={2015 IEEE/ACM 37th IEEE International Conference on Software Engineering},
   publisher={IEEE},
   author={Nanz, Sebastian and Furia, Carlo A.},
   year=2015,
   month={May}
}

@misc{marlow2015fighting,
  title={Fighting spam with Haskell},
  author={Marlow, Simon},
  year={2015}
}